@ARTICLE{MTT,
author={B. Mazur and J. Tate and J. Teitelbaum},
title={On $p$-adic analogues of the conjecture of Birch and Swinnerton Dyer},
journal={Inventiones Math.},
date={1986},
}

@online{irvine,
title={{Auto MPG Dataset}},
author={{U.C. Irvine ML Repository}},
url={http://https://archive.ics.uci.edu/ml/datasets/Auto+MPG}
}

@online{sentences,
title={{Sentiment Labelled Sentences Data Set}},
author={{U.C. Irvine ML Repository}},
url={https://archive.ics.uci.edu/ml/datasets/Sentiment+Labelled+Sentences}
}

@online{KaggleFoodData,
title={{Marketing Analytics}},
author={{Jack Daoud}},
url={https://www.kaggle.com/datasets/jackdaoud/marketing-data}
}

@inproceedings{vapnik92,
title={{A training algorithm for optimal margin classifiers}},
author={B. Boser and I. Guyon and V. Vapnik},
crossref={COLT92},
pages={144--152},
url={https://dl.acm.org/doi/pdf/10.1145/130385.130401}
}

@proceedings{COLT92,
title={Colt '92: Proceedings of the fifth annual workshop on computational learning theory},
publisher={ACM},
venue={Pittsburgh, PA},
editor={D. Haussler}
}

@online{mnistexamples,
title={MNIST Examples},
url={https://commons.wikimedia.org/wiki/File:MnistExamples.png},
author={Josef Steppan}
}

@online{MNISTDatabase,
title={{The MNIST Database}},
author={Y. LeCun and C. Cortes and C. Burges},
url={http://yann.lecun.com/exdb/mnist/}
}

@Article{penguins,
title = {Ecological Sexual Dimorphism and Environmental Variability within a Community of Antarctic Penguins (Genus Pygoscelis)},
author = {K. B. Gorman and T. D. Williams and W. R. Fraser},
journal = {PLoS ONE},
year = {2014},
volume = {9(3)},
number = {e90081},
pages = {-13},
url = {https://doi.org/10.1371/journal.pone.0090081},
}

@ONLINE{penguindata,
title={Palmer Penguins},
author={A. Horst},
url={https://github.com/allisonhorst/palmerpenguins}
}

@BOOK{KernelMethodAdvances,
title={Advances in Kernel Methods},
subtitle={Support Vector Learning},
editor={B. Sch\"olkopf  and C. Burges and A. Smola},
publisher={MIT Press},
year={1998},
}

@TECHREPORT{plattSMO,
author={John C. Platt},
title={Sequential Minimal Optimization: A Fast Algorithm for Training Support Vector Machines},
institution={Microsoft Research},
year={1998},
url={https://www-ai.cs.tu-dortmund.de/LEHRE/SEMINARE/SS09/AKTARBEITENDESDM/LITERATUR/PlattSMO.pdf},
}


@proceedings{ICML00,
title={Proceedings of the seventeenth international conference on machine learning},
year={2000},
editor={P. Langley},
publisher={Morgan Kaufmann Publishers},
}

@inproceedings{bennettDuality,
author={K. P. Bennett and E. J. Bredensteiner},
title={Duality and Geometry in SVM Classifiers},
crossref={ICML00},
}

@book{Bertsekas,
author={Dimitri P. Bertsekas and John N. Tsitsiklis},
title={Introduction to Probability},
year={2008},
publisher={Athena Scientific},
place={Nashua, NH},
edition=2,
isbn={978-1886529236},
}
